:940:
:20:940S160601
:25:NL65RABO0303549521 EUR
:28C:0
:60F:C160531EUR000000001842,57
:61:160601D000000000037,51N064MARF            
NL08ABNA0484987321
:86:/MARF/ENL11141460/01/EREF/160523NL08ABNA04840009100001000030
/ORDP//NAME/EXACT NETHERLANDS BV/REMI/11141460/16304192 Exact Onl
ine Mei / Juni 2016/CSID/NL64ZZZ618769920000
:61:160601C000000001694,00N541NONREF          
NL05RABO0171792106
:86:/ORDP//NAME/BARNWORKS B.V./ADDR/Postbus 246 6710BE EDE GLD Nederl
and NL/REMI/fact SO1111134/ISDT/2016-06-01
:62F:C160601EUR000000003499,06
:20:940S160602
:25:NL65RABO0303549521 EUR
:28C:0
:60F:C160601EUR000000003499,06
:62F:C160602EUR000000003499,06
:20:940S160603
:25:NL65RABO0303549521 EUR
:28C:0
:60F:C160602EUR000000003499,06
:61:160601D000000000003,50N093NONREF          
:86:/BENM//NAME/Kosten/REMI/Periode 01-05-2016 t/m 31-05-2016/ISDT/20
16-06-01
:62F:C160603EUR000000003495,56
:20:940S160606
:25:NL65RABO0303549521 EUR
:28C:0
:60F:C160603EUR000000003495,56
:62F:C160606EUR000000003495,56
:20:940S160607
:25:NL65RABO0303549521 EUR
:28C:0
:60F:C160606EUR000000003495,56
:61:160607D000000000050,00N086NONREF          
NL86INGB0002445588
:86:/BENM//NAME/Belastingdienst te Apeldoorn/REMI//CDTRREFTP//CD/SCOR
/ISSR/CUR/CDTRREF/4855150035601210/ISDT/2016-06-07
:62F:C160607EUR000000003445,56
:20:940S160608
:25:NL65RABO0303549521 EUR
:28C:0
:60F:C160607EUR000000003445,56
:61:160608D000000000006,05N064MARF            
NL85INGB0654416265
:86:/MARF/MANDATE-NL-136944-2/EREF/E2E-ID-NL-200629434/ORDP//NAME/Tra
nsip B.V./REMI/FACTUUR F0000.2016.0036.7219/CSID/NL39ZZZ243458990
000
:61:160608D000000000009,06N030NONREF          
:86:/REMI/Plus Pansier RENKUM Betaalautomaat 17:48 pasnr. 001/ISDT/20
16-06-08
:62F:C160608EUR000000003430,45
:20:940S160609
:25:NL65RABO0303549521 EUR
:28C:0
:60F:C160608EUR000000003430,45
:62F:C160609EUR000000003430,45
:20:940S160610
:25:NL65RABO0303549521 EUR
:28C:0
:60F:C160609EUR000000003430,45
:61:160610D000000000001,54N064MARF            
GB62CITI18500811074849
:86:/MARF/86512401/EREF/NL000Q91V3/ORDP//NAME/Google Ireland Limited
/REMI/APPS COMMERCE:2sonder.com:NL000Q91V/CSID/GB76731SDDCITI0000
0011061392
:62F:C160610EUR000000003428,91
:20:940S160613
:25:NL65RABO0303549521 EUR
:28C:0
:60F:C160610EUR000000003428,91
:61:160611D000000000066,88N030NONREF          
:86:/REMI/TINQ HETEREN P. HETEREN Betaalautomaat 22:11 pasnr. 001
/ISDT/2016-06-11
:62F:C160613EUR000000003362,03
:20:940S160614
:25:NL65RABO0303549521 EUR
:28C:0
:60F:C160613EUR000000003362,03
:62F:C160614EUR000000003362,03
:20:940S160615
:25:NL65RABO0303549521 EUR
:28C:0
:60F:C160614EUR000000003362,03
:62F:C160615EUR000000003362,03
:20:940S160616
:25:NL65RABO0303549521 EUR
:28C:0
:60F:C160615EUR000000003362,03
:61:160616C000000001161,60N541NONREF          
NL22RABO0132921766
:86:/ORDP//NAME/TAKE TWO COMMUNICATION +/ADDR/Mr. Franckenstraat 80 6
522AH NIJMEGEN Nederland NL/REMI/Factuurnummer: SO1111133/ISDT/20
16-06-16
:62F:C160616EUR000000004523,63
:20:940S160617
:25:NL65RABO0303549521 EUR
:28C:0
:60F:C160616EUR000000004523,63
:62F:C160617EUR000000004523,63
:20:940S160620
:25:NL65RABO0303549521 EUR
:28C:0
:60F:C160617EUR000000004523,63
:62F:C160620EUR000000004523,63
:20:940S160621
:25:NL65RABO0303549521 EUR
:28C:0
:60F:C160620EUR000000004523,63
:62F:C160621EUR000000004523,63
:20:940S160622
:25:NL65RABO0303549521 EUR
:28C:0
:60F:C160621EUR000000004523,63
:61:160622D000000000048,39N064MARF            
NL85INGB0654416265
:86:/MARF/MANDATE-NL-136944-2/EREF/E2E-ID-NL-200665389/ORDP//NAME/Tra
nsip B.V./REMI/FACTUUR F0000.2016.0040.3174/CSID/NL39ZZZ243458990
000
:62F:C160622EUR000000004475,24
:20:940S160623
:25:NL65RABO0303549521 EUR
:28C:0
:60F:C160622EUR000000004475,24
:62F:C160623EUR000000004475,24
:20:940S160624
:25:NL65RABO0303549521 EUR
:28C:0
:60F:C160623EUR000000004475,24
:62F:C160624EUR000000004475,24
:20:940S160627
:25:NL65RABO0303549521 EUR
:28C:0
:60F:C160624EUR000000004475,24
:62F:C160627EUR000000004475,24
:20:940S160628
:25:NL65RABO0303549521 EUR
:28C:0
:60F:C160627EUR000000004475,24
:62F:C160628EUR000000004475,24
:20:940S160629
:25:NL65RABO0303549521 EUR
:28C:0
:60F:C160628EUR000000004475,24
:61:160629D000000000037,51N064MARF            
NL08ABNA0484987321
:86:/MARF/ENL11141460/01/EREF/160623NL08ABNA04840010900001004995
/ORDP//NAME/EXACT NETHERLANDS BV/REMI/11141460/16348927 Juni / ju
li 2016/CSID/NL64ZZZ618769920000
:62F:C160629EUR000000004437,73
:20:940S160630
:25:NL65RABO0303549521 EUR
:28C:0
:60F:C160629EUR000000004437,73
:61:160630D000000000063,00N102EREF            
NL40RABO0350801193
:86:/EREF/30-06-2016 05:34 0020001304046350/BENM//NAME/Rabo OmniKassa
/REMI/61664820160630 0020001304046350 iDE AL directvps.nl/ISDT/20
16-06-30
:62F:C160630EUR000000004374,73
